@misc{dataset,
    author = {Beveridge & Chemers},
    title = {Game of Thrones Dataset},
    note = {\url{https://github.com/mathbeveridge/gameofthrones}}
}

@misc{wikiofwesteros,
    author = {Fandom},
    title = {Wiki of Westeros},
    note = {\url{https://gameofthrones.fandom.com/wiki/Wiki_of_Westeros}}
}


@article{bookchapter,
author = {Andrew Beveridge, Michael Chemers},
title = {The Game of Game of Thrones: Networked Concordances and Fractal Dramaturgy},
journal = {
Reading Contemporary Serial Television Universes},
year = 2018
}

@article{triangles,
    author = {Mingshan Jia, Bogdan Gabrys, and Katarzyna Musial},
    title = {Directed closure coefficient and its patterns},
    year = 2021,
    journal = {Plos one, 16(6):e0253822}
}


